<?xml version="1.0" encoding="UTF-8"?><collection xmlns="http://www.loc.gov/MARC21/slim"><record><leader>00543nam--2200181-i-4500</leader><controlfield tag="001">000010726</controlfield><controlfield tag="002">20161230</controlfield><controlfield tag="005">20161230201028</controlfield><controlfield tag="008">060222s1000------------r-----000-0-fre-d</controlfield><datafield ind1=" " ind2=" " tag="040"><subfield code="a">IFIN-HH</subfield></datafield><datafield ind1=" " ind2=" " tag="041"><subfield code="a">fre</subfield></datafield><datafield ind1=" " ind2=" " tag="080"><subfield code="a">532.57.08:015</subfield></datafield><datafield ind1="1" ind2=" " tag="100"><subfield code="a">Cathignol, Dominique</subfield></datafield><datafield ind1="1" ind2="0" tag="245"><subfield code="a">Realisation d`un debitmetre directionnel a effet dopler utilisant la detection de frequence</subfield><subfield code="b">These</subfield><subfield code="c">Dominique cathignol</subfield></datafield><datafield ind1=" " ind2=" " tag="260"><subfield code="a">Lyon</subfield><subfield code="b">L`Universite Claude-bernard-lyon</subfield><subfield code="c">1971</subfield></datafield><datafield ind1=" " ind2=" " tag="300"><subfield code="a">70 P</subfield></datafield><datafield ind1=" " ind2=" " tag="852"><subfield code="a">38999</subfield><subfield code="c">532</subfield></datafield><datafield ind1=" " ind2=" " tag="CAT"><subfield code="a">Sys</subfield><subfield code="c">20110113</subfield><subfield code="h">135722</subfield></datafield></record></collection>